@incollection{denti1997designing,
  title={Designing multi-agent systems around an extensible communication abstraction},
  author={Denti, Enrico and Omicini, Andrea},
  booktitle={Formal Models of Agents},
  pages={90--102},
  year={1997},
  publisher={Springer}
}

@article{kwan2012uncertain,
  title={The uncertain geographic context problem},
  author={Kwan, Mei-Po},
  journal={Annals of the Association of American Geographers},
  volume={102},
  number={5},
  pages={958--968},
  year={2012},
  publisher={Taylor \& Francis}
}

@article{frizzelle2009importance,
  title={The importance of accurate road data for spatial applications in public health: customizing a road network},
  author={Frizzelle, Brian G and Evenson, Kelly R and Rodriguez, Daniel A and Laraia, Barbara A},
  journal={International journal of health geographics},
  volume={8},
  number={1},
  pages={24},
  year={2009},
  publisher={BioMed Central}
}

@inproceedings{mun2009peir,
  title={PEIR, the personal environmental impact report, as a platform for participatory sensing systems research},
  author={Mun, Min and Reddy, Sasank and Shilton, Katie and Yau, Nathan and Burke, Jeff and Estrin, Deborah and Hansen, Mark and Howard, Eric and West, Ruth and Boda, P{\'e}ter},
  booktitle={Proceedings of the 7th international conference on Mobile systems, applications, and services},
  pages={55--68},
  year={2009},
  organization={ACM}
}

@report{monitoringBox2017researchproposal,
  title={Research Proposal The Monitoring Box},
  author={Nieman, Mick and Scholtze, Pjotr and Joung, Heeyeon},
  pages={9},
  year={2017},
}

@inproceedings{ICRISET2017:An_open_source_Real,
  author    = {Ronak Vithlani and Siddharth Fultariya and Mahesh Jivani and Haresh Pandya},
  title     = {An open source Real Time IOT based environmental sensor monitoring system},
  booktitle = {ICRISET2017. International Conference on Research and Innovations in Science, Engineering and Technology. Selected Papers in Computing},
  editor    = {Rajkumar Buyya and Rajiv Ranjan and Sumantra Dutta Roy and Mehul Raval and Mukesh Zaveri and Hiren Patel and Amit Ganatra and Darshak G. Thakore and Trupti A. Desai and Zankhana H. Shah and Narendra M. Patel and Mukesh E. Shimpi and Rajiv B. Gandhi and Jagdish M. Rathod and Bhargav C. Goradiya and Mehfuza S. Holia and Dharita K. Patel},
  series    = {Kalpa Publications in Computing},
  volume    = {2},
  pages     = {145--150},
  year      = {2017},
  publisher = {EasyChair},
  bibsource = {EasyChair, http://www.easychair.org},
  issn      = {2515-1762},
  url       = {https://easychair.org/publications/paper/pMKf},
  doi       = {10.29007/q4cf}}
  
 @article{auer2007dbpedia,
  title={Dbpedia: A nucleus for a web of open data},
  author={Auer, S{\"o}ren and Bizer, Christian and Kobilarov, Georgi and Lehmann, Jens and Cyganiak, Richard and Ives, Zachary},
  journal={The semantic web},
  pages={722--735},
  year={2007},
  publisher={Springer}
}

@article{lassila1998resource,
  title={Resource Description Framework (RDF) model and syntax specification},
  author={Lassila, Ora and Swick, Ralph R and others},
  year={1998},
  publisher={Citeseer}
}

@article{mcguinness2004owl,
  title={OWL web ontology language overview},
  author={McGuinness, Deborah L and Van Harmelen, Frank and others},
  journal={W3C recommendation},
  volume={10},
  number={10},
  pages={2004},
  year={2004}
}

@inproceedings{barnaghi2010publishing,
  title={Publishing linked sensor data},
  author={Barnaghi, Payam and Presser, Mirko and Moessner, Klaus},
  booktitle={CEUR Workshop Proceedings: Proceedings of the 3rd International Workshop on Semantic Sensor Networks (SSN), Organised in conjunction with the International Semantic Web Conference},
  volume={668},
  year={2010}
}

@inproceedings{arscott2017publishing,
  title={Do-It-Yourself, Real-Time,Low Cost Environmental Monitoring Solutions},
  author={Arscott, Dave and Bressler, David},
  year={2017}
}

@article{balestrinideliverable,
  title={DELIVERABLE},
  author={Balestrini, Mara and Ladera, Tomas Diez and P{\'o}lvora, Alexandre and Nascimento, Susana}
}